% Encoding: UTF-8

@Book{SarahLHarris2010,
  author    = {Sarah L. Harris, David Monev Harris},
  publisher = {Morgan Kauffmann},
  title     = {{Digital Design and Computer Architecture}},
  year      = {2010},
}

@Electronic{Gomar2018,
  author       = {Juan Gomar},
  language     = {Español},
  month        = {Diciembre},
  organization = {Profesional review},
  title        = {{Qué es un procesador ARM y como funciona}},
  url          = {https://www.profesionalreview.com/2018/12/05/que-es-procesador-arm-como-funciona/},
  year         = {2018},
}

@Comment{jabref-meta: databaseType:bibtex;}
